<record xmlns="http://www.loc.gov/MARC21/slim" xmlns:xsi="http://www.w3.org/2001/XMLSchema-instance" xsi:schemaLocation="http://www.loc.gov/MARC21/slim http://www.loc.gov/standards/marcxml/schema/MARC21slim.xsd"><leader>01648nam a2200337   4500</leader><controlfield tag="001">002921397</controlfield><controlfield tag="003">NNU</controlfield><controlfield tag="006">m        d        </controlfield><controlfield tag="007">cr cn |||m|||a</controlfield><controlfield tag="008">150116m19691970ir h    o     000 0 ara d</controlfield><datafield ind1=" " ind2=" " tag="040"><subfield code="a">NNU</subfield><subfield code="b">eng</subfield><subfield code="c">NNU</subfield></datafield><datafield ind1="0" ind2=" " tag="041"><subfield code="a">ara</subfield><subfield code="a">per</subfield></datafield><datafield ind1="1" ind2=" " tag="100"><subfield code="a">Mudarris, Mu&#7717;ammad &#699;Al&#299;,</subfield><subfield code="d">1879 or 80-1954 or 5.</subfield></datafield><datafield ind1="1" ind2="0" tag="245"><subfield code="a">Mukarrar&#257;t al-Mudarris</subfield><subfield code="h">[electronic resource] :</subfield><subfield code="b">shar&#7717; al-Suy&#363;&#7789;&#299; /</subfield><subfield code="c">li-Mu&#7717;ammad &#699;Al&#299; al-Mudarris al-Afgh&#257;n&#299;.</subfield></datafield><datafield ind1=" " ind2=" " tag="250"><subfield code="a">al-&#7788;ab&#699;ah 2. wa-f&#299;h&#257; ziy&#257;d&#257;t muhimmah.</subfield></datafield><datafield ind1=" " ind2=" " tag="260"><subfield code="a">Qum :</subfield><subfield code="b">Intish&#257;r&#257;t &#699;All&#257;mah,</subfield><subfield code="c">1969-1970.</subfield></datafield><datafield ind1=" " ind2=" " tag="300"><subfield code="a">online resource (4 v. in 2) :</subfield><subfield code="b">facsims.</subfield></datafield><datafield ind1=" " ind2=" " tag="500"><subfield code="a">Arabic and Persian.</subfield></datafield><datafield ind1=" " ind2=" " tag="500"><subfield code="a">Commentary on al-Bahjah al-mar&#7693;&#299;yah, a book on Arabic grammar, by al-Suy&#363;&#7789;&#299; with reference to his commentary on al-Alf&#299;yah, by Mu&#7717;ammad ibn &#699;Abd All&#257;h ibn M&#257;lik.</subfield></datafield><datafield ind1=" " ind2=" " tag="500"><subfield code="a">Vol. 3/4: al-&#7788;ab&#699;ah 4.</subfield></datafield><datafield ind1=" " ind2=" " tag="500"><subfield code="a">Part of the Arabic Collections Online (ACO) project, contributed by New York Univeristy Libraries.</subfield></datafield><datafield ind1=" " ind2=" " tag="533"><subfield code="a">Electronic reproduction.</subfield><subfield code="b">New York, N.Y. :</subfield><subfield code="c">New York University,</subfield><subfield code="d">2015.</subfield><subfield code="5">NNU</subfield></datafield><datafield ind1=" " ind2="0" tag="650"><subfield code="a">Arabic language</subfield><subfield code="x">Grammar.</subfield></datafield><datafield ind1="1" ind2=" " tag="700"><subfield code="a">Ibn M&#257;lik, Mu&#7717;ammad ibn &#699;Abd All&#257;h,</subfield><subfield code="d">d. 1274.</subfield><subfield code="t">Alf&#299;yah.</subfield></datafield><datafield ind1="0" ind2=" " tag="700"><subfield code="a">Suy&#363;&#7789;&#299;,</subfield><subfield code="d">1445-1505.</subfield><subfield code="t">Bahjah al-mar&#7693;&#299;yah.</subfield></datafield><datafield ind1="2" ind2=" " tag="710"><subfield code="a">New York University.</subfield><subfield code="b">Libraries.</subfield></datafield><datafield ind1="0" ind2=" " tag="730"><subfield code="a">Arabic Collections Online.</subfield></datafield><datafield ind1="0" ind2="8" tag="776"><subfield code="i">Print version:</subfield><subfield code="a">Mudarris, Mu&#7717;ammad &#699;Al&#299;, 1879 or 80-1954 or 5.</subfield><subfield code="t">Mukarrar&#257;t al-Mudarris</subfield><subfield code="w">(NNU)002921397</subfield></datafield><datafield ind1="4" ind2="0" tag="856"><subfield code="u">http://hdl.handle.net/2333.1/0vt4bbqm</subfield></datafield><datafield ind1=" " ind2=" " tag="959"><subfield code="a">NNU</subfield><subfield code="b">WEB</subfield><subfield code="c">GENI</subfield><subfield code="t">0</subfield><subfield code="m">Electronic access</subfield><subfield code="s">01</subfield></datafield><datafield ind1=" " ind2=" " tag="999"><subfield code="i">NNU_002921397</subfield><subfield code="o" /><subfield code="e">(ERROR-880)</subfield></datafield></record>